@article{Zhou1929,
  author    = {周树人},
  title     = {小红象},
  year      = {1929},
}
